@online{butterworthWikipedia,
  author={Wikipedia},
  title={Butterworth filter},
  url={https://en.wikipedia.org/wiki/Butterworth_filter},
  addendum={(accessed: 04 July 2023)},
  keywords={butterworth,filter}
}

@online{laplaceTransformWikipedia,
  author={Wikipedia},
  title={Laplace transform},
  url={https://en.wikipedia.org/wiki/Laplace_transform},
  addendum={(accessed: 04 July 2023)},
  keywords={laplace,filter}
}

@online{fourierSeriesWikipedia,
  author={Wikipedia},
  title={Fourier series},
  url={https://en.wikipedia.org/wiki/Fourier_series},
  addendum={(accessed: 05 July 2023)},
  keywords={fourier,series}
}

@online{fourierTransformWikipedia,
  author={Wikipedia},
  title={Fourier transform},
  url={https://en.wikipedia.org/wiki/Fourier_transform},
  addendum={(accessed: 05 July 2023)},
  keywords={fourier,transform,continuous}
}

@online{discreteFourierTransformWikipedia,
  author={Wikipedia},
  title={Discrete Fourier transform},
  url={https://en.wikipedia.org/wiki/Discrete_Fourier_transform},
  addendum={(accessed: 05 July 2023)},
  keywords={fourier,transform,discrete}
}

@article{butterworth1930theory,
  title={On the theory of filter amplifiers},
  author={Butterworth, Stephen and others},
  journal={Wireless Engineer},
  volume={7},
  number={6},
  pages={536--541},
  year={1930}
}

@article{fourier1822theorie,
  title={Th{\'e}orie analytique de la chaleur: Paris},
  author={Fourier, JBJ},
  journal={Acad{\'e}mie des Sciences},
  volume={3},
  year={1822}
}